@misc{WiteCarpers,
  title = {{Heat Maps} The new Age of Data Visualization},
  howpublished = {\url{http://www.whitecapers.com/heat-maps-the-new-age-of-data-visualization.php}}
}

@misc{Blefari,
  title = {Simple D3.js heatmap},
  howpublished = {\url{https://bl.ocks.org/Bl3f/cdb5ad854b376765fa99}},
  note = {Accessed: 2017-07-29}
}

@misc{Brush,
  title = {Simple Bar charts},
  howpublished = {\url{https://www.openprocessing.org/sketch/431#}}
}

@misc{INECNacimientos,
  title = {Nacimientos},
  howpublished = {\url{http://inec.cr/poblacion/nacimientos}}
}

@misc{INECAgropecuario,
  title = {Agropecuario},
  howpublished = {\url{http://inec.cr/agropecuario?keys=&shs_term_node_tid_depth=All&field_periodo_tid=All&field_anio_documento_value%5Bvalue%5D%5Bdate%5D=}}
}

@misc{INECMatrimonios,
  title = {Matrimonios},
  howpublished = {\url{http://inec.cr/poblacion/matrimonios}}